@book{Vatican2,
    title = "Gaudium et spes",
    author = "Concil de Vatican II",
    year = "1965"
}
@book{Science&modernworld,
    title = "Science and the modern world",
    author = "Carlos CHAGAS et al.",
    publisher = "Pontificae Academiae Scientarum Scripta Varia",
    year = "1978"
}

% L'atome pour ou contre l'homme, Pax Christi, A. de Soras et al., 1958
% Parle de l'énergie atomique (bombes nucléaires) et 

% Etudes (Compagnie de Jesus)

